<?xml version="1.0" encoding="utf-8"?>
<record xmlns="http://www.loc.gov/MARC21/slim" xmlns:xsi="http://www.w3.org/2001/XMLSchema-instance" xsi:schemaLocation="http://www.loc.gov/MARC21/slim http://www.loc.gov/standards/marcxml/schema/MARC21slim.xsd">
	<leader>
		02101nam a2200373   4500
	</leader>
	<controlfield tag="001">
		1580337
	</controlfield>
	<controlfield tag="003">
		NNC
	</controlfield>
	<controlfield tag="006">
		m        d        
	</controlfield>
	<controlfield tag="007">
		cr cn |||m|||a
	</controlfield>
	<controlfield tag="008">
		151102m19271928ua      obd   000 0cara  
	</controlfield>
	<datafield ind1=" " ind2=" " tag="040">
		<subfield code="a">
			NNU
		</subfield>
		<subfield code="b">
			eng
		</subfield>
		<subfield code="e">
			rda
		</subfield>
		<subfield code="c">
			NNU
		</subfield>
	</datafield>
	<datafield ind1=" " ind2=" " tag="043">
		<subfield code="a">
			ma-----
		</subfield>
	</datafield>
	<datafield ind1=" " ind2="4" tag="050">
		<subfield code="a">
			D198.3
		</subfield>
		<subfield code="b">
			.Z518
		</subfield>
	</datafield>
	<datafield ind1="1" ind2=" " tag="100">
		<subfield code="6">
			880-01
		</subfield>
		<subfield code="a">
			Ziriklī, Khayr al-Dīn,
		</subfield>
		<subfield code="d">
			1893-1976.
		</subfield>
	</datafield>
	<datafield ind1="1" ind2="3" tag="245">
		<subfield code="6">
			880-02
		</subfield>
		<subfield code="a">
			al-Aʻlām :
		</subfield>
		<subfield code="b">
			qāmūs tarājim al-ashʹhar al-rijāl wa-al-nisāʼ min al-ʻArab wa-al-mustashriqīn fī al-jāhiliyyah wa-al-islām wa-al-ʻaṣr al-ḥāḍir /
		</subfield>
		<subfield code="c">
			tāʼlīf Khayr al-Dīn al-Ziriklī.
		</subfield>
	</datafield>
	<datafield ind1=" " ind2=" " tag="260">
		<subfield code="6">
			880-03
		</subfield>
		<subfield code="a">
			Miṣr :
		</subfield>
		<subfield code="b">
			al-Maṭbʻah al-ʻarabiyyah,
		</subfield>
		<subfield code="c">
			1927-1928.
		</subfield>
	</datafield>
	<datafield ind1=" " ind2=" " tag="300">
		<subfield code="a">
			online resource (3 volumes in 1 (1188 pages))
		</subfield>
	</datafield>
	<datafield ind1=" " ind2=" " tag="336">
		<subfield code="a">
			text
		</subfield>
		<subfield code="2">
			rdacontent
		</subfield>
	</datafield>
	<datafield ind1=" " ind2=" " tag="337">
		<subfield code="a">
			computer
		</subfield>
		<subfield code="2">
			rdamedia
		</subfield>
	</datafield>
	<datafield ind1=" " ind2=" " tag="338">
		<subfield code="a">
			online resource
		</subfield>
		<subfield code="2">
			rdacarrier
		</subfield>
	</datafield>
	<datafield ind1=" " ind2=" " tag="500">
		<subfield code="a">
			Part of the Arabic Collections Online (ACO) project, contributed by Columbia University Libraries.
		</subfield>
	</datafield>
	<datafield ind1=" " ind2=" " tag="504">
		<subfield code="a">
			Includes bibliographical references.
		</subfield>
	</datafield>
	<datafield ind1=" " ind2=" " tag="533">
		<subfield code="a">
			Electronic reproduction.
		</subfield>
		<subfield code="b">
			New York, N.Y. :
		</subfield>
		<subfield code="c">
			New York University,
		</subfield>
		<subfield code="d">
			2015.
		</subfield>
		<subfield code="5">
			NNU
		</subfield>
	</datafield>
	<datafield ind1=" " ind2="0" tag="651">
		<subfield code="a">
			Arab countries
		</subfield>
		<subfield code="v">
			Biography.
		</subfield>
	</datafield>
	<datafield ind1=" " ind2="0" tag="650">
		<subfield code="a">
			Orientalists.
		</subfield>
	</datafield>
	<datafield ind1="2" ind2=" " tag="710">
		<subfield code="a">
			Columbia University.
		</subfield>
		<subfield code="b">
			Libraries.
		</subfield>
	</datafield>
	<datafield ind1="0" ind2=" " tag="730">
		<subfield code="a">
			Arabic Collections Online.
		</subfield>
	</datafield>
	<datafield ind1="0" ind2="8" tag="776">
		<subfield code="i">
			Print version:
		</subfield>
		<subfield code="a">
			Ziriklī, Khayr al-Dīn, 1893-1976.
		</subfield>
		<subfield code="t">
			al-Aʻlām
		</subfield>
		<subfield code="w">
			(NNC)1580337
		</subfield>
		<subfield code="w">
			(DLC)ne 68002807 
		</subfield>
		<subfield code="w">
			(OCoLC)17699840
		</subfield>
	</datafield>
	<datafield ind1="4" ind2="0" tag="856">
		<subfield code="u">
			http://hdl.handle.net/2333.1/2547dbdt
		</subfield>
	</datafield>
	<datafield ind1="1" ind2=" " tag="880">
		<subfield code="6">
			100-01/r
		</subfield>
		<subfield code="a">
			زركلي، خير الدين،
		</subfield>
		<subfield code="d">
			1893-1976.
		</subfield>
	</datafield>
	<datafield ind1="1" ind2="2" tag="880">
		<subfield code="6">
			245-02/r
		</subfield>
		<subfield code="a">
			الاعلام :
		</subfield>
		<subfield code="b">
			قاموس تراجم لأشهر الرجال والنساء من العرب والمستشرقين في الجاهلية والاسلام والعصر والحاضر /
		</subfield>
		<subfield code="c">
			تأليف خير الدين الزركلي.
		</subfield>
	</datafield>
	<datafield ind1=" " ind2=" " tag="880">
		<subfield code="6">
			260-03/r
		</subfield>
		<subfield code="a">
			مصر :
		</subfield>
		<subfield code="b">
			المطبعة العربية،
		</subfield>
		<subfield code="c">
			1927-1928.
		</subfield>
	</datafield>
	<datafield ind1=" " ind2=" " tag="959">
		<subfield code="a">
			NNU
		</subfield>
		<subfield code="b">
			WEB
		</subfield>
		<subfield code="c">
			GENI
		</subfield>
		<subfield code="t">
			0
		</subfield>
		<subfield code="m">
			Electronic access
		</subfield>
		<subfield code="s">
			01
		</subfield>
	</datafield>
	<datafield ind1=" " ind2=" " tag="999">
		<subfield code="i">
			NNC_1580337
		</subfield>
		<subfield code="o">
			(OCoLC)ocm17699840
		</subfield>
		<subfield code="s">
			columbia_aco001056:v.1
		</subfield>
		<subfield code="s">
			columbia_aco001054:v.2
		</subfield>
		<subfield code="s">
			columbia_aco001055:v.3
		</subfield>
		<subfield code="e">
			(ERROR-880)
		</subfield>
		<subfield code="s">
			columbia_aco001056:v.1
		</subfield>
		<subfield code="s">
			columbia_aco001054:v.2
		</subfield>
		<subfield code="s">
			columbia_aco001055:v.3
		</subfield>
	</datafield>
</record>
